[gd_scene load_steps=10 format=2]

[ext_resource path="res://Assets/kenney_platformerpack/bg/platformer_background_1/Layers/layer06_sky.png" type="Texture" id=1]
[ext_resource path="res://Scripts/Game Over.gd" type="Script" id=2]
[ext_resource path="res://Assets/kenney_platformerpack/bg/platformer_background_1/Layers/layer05_rocks.png" type="Texture" id=3]
[ext_resource path="res://Assets/Fonts/Raw/payone.tres" type="DynamicFont" id=4]
[ext_resource path="res://Scenes/button_Level1.gd" type="Script" id=5]
[ext_resource path="res://Scenes/button_Quit.gd" type="Script" id=6]
[ext_resource path="res://Assets/bgm/gameover.wav" type="AudioStream" id=7]
[ext_resource path="res://Assets/Fonts/Raw/paytone yg gede.tres" type="DynamicFont" id=8]
[ext_resource path="res://Scenes/coins.tscn" type="PackedScene" id=9]

[node name="Game Over Screen" type="Sprite"]
position = Vector2( 511.802, 299.414 )
scale = Vector2( 1.20138, 1.24561 )
texture = ExtResource( 1 )
script = ExtResource( 2 )

[node name="Sprite" type="Sprite" parent="."]
position = Vector2( 28.8664, 227.528 )
scale = Vector2( 0.862099, 0.180416 )
texture = ExtResource( 3 )

[node name="Main menu2" type="LinkButton" parent="."]
margin_left = -345.216
margin_top = 156.299
margin_right = -33.216
margin_bottom = 248.299
custom_fonts/font = ExtResource( 4 )
custom_colors/font_color = Color( 1, 1, 1, 1 )
custom_colors/font_color_hover = Color( 1, 0, 0, 1 )
custom_colors/font_color_pressed = Color( 0, 0, 0, 1 )
text = "Main Menu"
script = ExtResource( 5 )
scene_to_load = "MainMenu"

[node name="Quit" type="LinkButton" parent="."]
margin_left = 190.132
margin_top = 159.971
margin_right = 346.132
margin_bottom = 251.971
custom_fonts/font = ExtResource( 4 )
custom_colors/font_color = Color( 1, 1, 1, 1 )
custom_colors/font_color_hover = Color( 1, 0, 0, 1 )
custom_colors/font_color_pressed = Color( 0, 0, 0, 1 )
text = "Quit"
script = ExtResource( 6 )

[node name="Game Over" type="AudioStreamPlayer" parent="."]
stream = ExtResource( 7 )

[node name="Label" type="Label" parent="."]
margin_left = -290.65
margin_top = -298.601
margin_right = 277.35
margin_bottom = 124.399
custom_fonts/font = ExtResource( 8 )
custom_colors/font_color = Color( 0.705882, 0.109804, 0.419608, 1 )
text = "GAME"

[node name="Label2" type="Label" parent="."]
margin_left = -276.859
margin_top = -148.124
margin_right = 276.141
margin_bottom = 414.876
custom_fonts/font = ExtResource( 8 )
custom_colors/font_color = Color( 0, 0, 0, 1 )
text = "OVER
"

[node name="CanvasLayer" type="CanvasLayer" parent="."]

[node name="GUI" parent="CanvasLayer" instance=ExtResource( 9 )]
margin_left = 416.621
margin_top = 417.729
margin_right = 456.621
margin_bottom = 509.729
[connection signal="pressed" from="Main menu2" to="Main menu2" method="_on_Level_1_pressed"]
[connection signal="pressed" from="Quit" to="Quit" method="_on_Quit_pressed"]
